<?xml version="1.0" encoding="UTF-8"?><collection xmlns="http://www.loc.gov/MARC21/slim"><record><leader>00389nam--2200121-i-4500</leader><controlfield tag="001">000024113</controlfield><controlfield tag="002">20161230</controlfield><controlfield tag="005">20161230201035</controlfield><controlfield tag="008">060222s1000------------r-----000-0-eng-d</controlfield><datafield ind1=" " ind2=" " tag="080"><subfield code="a">62(036)</subfield></datafield><datafield ind1=" " ind2=" " tag="245"><subfield code="a">Grundwissen des ingenieurs. 10., vollig neubearbeitete auflage. mit 763 bildern, 322 tabellen, 23 tafelen und 4 beilagen</subfield></datafield><datafield ind1=" " ind2=" " tag="260"><subfield code="a">Leipzig, Veb Fachbuchverlag, 1981. 1157p</subfield></datafield><datafield ind1=" " ind2=" " tag="852"><subfield code="a">49858</subfield></datafield></record></collection>